<?xml version='1.0' encoding='utf-8'?>
<record xmlns="http://www.loc.gov/MARC21/slim" xmlns:xsi="http://www.w3.org/2001/XMLSchema-instance">
  <leader>^^^^^nmm^a2200289^a^4500</leader>
  <controlfield tag="001">003581711</controlfield>
  <controlfield tag="005">20020211000000.0</controlfield>
  <controlfield tag="008">020211s2001^^^^miu^^^^^^^^u^^^^^^^^eng^d</controlfield>
  <datafield tag="020" ind1=" " ind2=" ">
    <subfield code="c">$44.12</subfield>
  </datafield>
  <datafield tag="035" ind1=" " ind2=" ">
    <subfield code="a">(OCoLC)ocm47969170</subfield>
  </datafield>
  <datafield tag="040" ind1=" " ind2=" ">
    <subfield code="a">EYB</subfield>
    <subfield code="c">EYB</subfield>
    <subfield code="d">OCLCQ</subfield>
    <subfield code="d">BEU</subfield>
  </datafield>
  <datafield tag="245" ind1="0" ind2="0">
    <subfield code="a">American scrapbook</subfield>
    <subfield code="h">[electronic resource] :</subfield>
    <subfield code="b">Detroit memories.</subfield>
    <subfield code="p">vol. 1.</subfield>
  </datafield>
  <datafield tag="246" ind1="3" ind2=" ">
    <subfield code="a">Detroit memories, vol. 1.</subfield>
  </datafield>
  <datafield tag="260" ind1=" " ind2=" ">
    <subfield code="a">[Detroit, MI] :</subfield>
    <subfield code="b">Archive Impact Interactive,</subfield>
    <subfield code="c">c2001.</subfield>
  </datafield>
  <datafield tag="300" ind1=" " ind2=" ">
    <subfield code="a">1 computer laser optical disc :</subfield>
    <subfield code="b">sd., col. ;</subfield>
    <subfield code="c">4 3/4 in.</subfield>
  </datafield>
  <datafield tag="538" ind1=" " ind2=" ">
    <subfield code="a">System requirements: (Minimum) IBM Pentium or compatible; 233 MHz processor; 32 MB RAM; Windows 95; 2X CD-ROM drive; SVGA monitor (256 colors) -- (For best result) IBM Pentium or compatible; 333 MHz processor or better; 128 MB RAM; Windows 98 or better; 8X or better CD-ROM drive; SVGA monitor (256 colors)</subfield>
  </datafield>
  <datafield tag="500" ind1=" " ind2=" ">
    <subfield code="a">Accompanied by : Curriculum guide for teachers and educators. 21 leaves ; 28 cm.</subfield>
  </datafield>
  <datafield tag="505" ind1="0" ind2=" ">
    <subfield code="a">Ethnic and diverse cultures -- Women in the workforce -- Manufacturing -- Theaters -- Science and technology -- Automobiles -- Immigration -- Parks and recreation -- Education.</subfield>
  </datafield>
  <datafield tag="520" ind1=" " ind2=" ">
    <subfield code="a">Detroit memories is intended for adults and children interested in life in urban America from the turn of the century up to WWII. The viewer will be transported back to early twentieth-century America to discover what it was like to work in a factory, attend school, and have fun with family and friends in the city. The audience will view photographs, film, and animation as they listen to narration from "grandma" and "grandpa", often backed by Detroit music.</subfield>
  </datafield>
  <datafield tag="651" ind1=" " ind2="0">
    <subfield code="a">Detroit (Mich.)</subfield>
    <subfield code="v">History.</subfield>
  </datafield>
  <datafield tag="650" ind1=" " ind2="0">
    <subfield code="a">Interactive multimedia.</subfield>
  </datafield>
  <datafield tag="655" ind1=" " ind2="7">
    <subfield code="a">CD-ROMs.</subfield>
    <subfield code="2">aat</subfield>
  </datafield>
  <datafield tag="710" ind1="2" ind2=" ">
    <subfield code="a">Archive Impact Interactive (Firm)</subfield>
  </datafield>
  <datafield tag="852" ind1="8" ind2=" ">
    <subfield code="a">MiU-H</subfield>
    <subfield code="b">BENT</subfield>
    <subfield code="h">0213 Aa 2</subfield>
  </datafield>
  <datafield tag="998" ind1=" " ind2=" ">
    <subfield code="c">LAC</subfield>
  </datafield>
  <datafield tag="955" ind1=" " ind2=" ">
    <subfield code="b">BENT</subfield>
    <subfield code="p">B1439657</subfield>
  </datafield>
</record>
